<record><leader>00000cas a22000007a 4500</leader><controlfield tag="001">26430410</controlfield><controlfield tag="008">920818d186u18uunyuwr n       0    0eng d</controlfield><datafield ind1=" " ind2=" " tag="010"><subfield code="a">sn 92062233 </subfield></datafield><datafield ind1=" " ind2=" " tag="040"><subfield code="a">NYS</subfield><subfield code="b">eng</subfield><subfield code="c">NYS</subfield><subfield code="d">OCL</subfield><subfield code="d">OCLCQ</subfield><subfield code="d">OCLCF</subfield><subfield code="d">OCLCO</subfield></datafield><datafield ind1="1" ind2=" " tag="029"><subfield code="a">AU@</subfield><subfield code="b">000020229331</subfield></datafield><datafield ind1=" " ind2=" " tag="042"><subfield code="a">msc</subfield></datafield><datafield ind1=" " ind2=" " tag="043"><subfield code="a">n-us-ny</subfield></datafield><datafield ind1="0" ind2="0" tag="245"><subfield code="a">Onondaga weekly courier and union.</subfield></datafield><datafield ind1="3" ind2="0" tag="246"><subfield code="a">Onondaga weekly courier</subfield></datafield><datafield ind1="1" ind2="3" tag="246"><subfield code="a">Weekly courier and union</subfield></datafield><datafield ind1=" " ind2=" " tag="260"><subfield code="a">Syracuse, N.Y. :</subfield><subfield code="b">D.J. Halsted</subfield></datafield><datafield ind1=" " ind2=" " tag="300"><subfield code="a">v.</subfield></datafield><datafield ind1=" " ind2=" " tag="310"><subfield code="a">Weekly</subfield></datafield><datafield ind1=" " ind2=" " tag="588"><subfield code="a">Description based on: Vol. 3, no. 29 (June 8, 1861).</subfield></datafield><datafield ind1=" " ind2="0" tag="651"><subfield code="a">Syracuse (N.Y.)</subfield><subfield code="v">Newspapers.</subfield></datafield><datafield ind1=" " ind2="7" tag="655"><subfield code="a">Newspapers.</subfield><subfield code="2">fast</subfield><subfield code="0">(OCoLC)fst01423814</subfield></datafield><datafield ind1=" " ind2="7" tag="651"><subfield code="a">New York (State)</subfield><subfield code="z">Syracuse.</subfield><subfield code="2">fast</subfield><subfield code="0">(OCoLC)fst01205293</subfield></datafield><datafield ind1=" " ind2=" " tag="752"><subfield code="a">United States</subfield><subfield code="b">New York</subfield><subfield code="c">Onondaga</subfield><subfield code="d">Syracuse.</subfield></datafield><datafield ind1="0" ind2=" " tag="775"><subfield code="t">Syracuse daily courier and union</subfield><subfield code="w">(DLC)sn 86053075</subfield></datafield><datafield ind1="0" ind2="4" tag="780"><subfield code="t">Onondaga weekly courier (Syracuse, N.Y. : 1858)</subfield></datafield><datafield ind1="0" ind2="4" tag="780"><subfield code="t">Onondaga weekly union</subfield><subfield code="w">(DLC)sn 91066087</subfield></datafield><datafield ind1="0" ind2="0" tag="785"><subfield code="t">Onondaga weekly courier (Syracuse, N.Y. : 1873)</subfield><subfield code="w">(DLC)sn 83031729</subfield></datafield></record>